<collection xmlns="http://www.loc.gov/MARC21/slim">
<record>
  <leader>02285nam0a2200385 i 450 </leader>
  <controlfield tag="001">IT\ICCU\CNCE\007238</controlfield>
  <controlfield tag="005">20150903000000.0</controlfield>
  <datafield tag="012" ind1=" " ind2=" ">
    <subfield code="a">o.o; o.no a.a, EdCh (3) 1557 (R)</subfield>
    <subfield code="2">fei</subfield>
  </datafield>
  <datafield tag="100" ind1=" " ind2=" ">
    <subfield code="a">19970101d1557        0itac0103    ba</subfield>
  </datafield>
  <datafield tag="101" ind1=" " ind2=" ">
    <subfield code="a">ITA</subfield>
  </datafield>
  <datafield tag="102" ind1=" " ind2=" ">
    <subfield code="a">IT</subfield>
  </datafield>
  <datafield tag="200" ind1="1" ind2=" ">
    <subfield code="a">℗I ℗primi cinque canti d&apos;Heliodoro di m. Hieronimo Bossi, gentil&apos;huomo milanese. Allo inuittissimo e gloriosissimo imperatore Carlo quinto d&apos;Austria</subfield>
  </datafield>
  <datafield tag="210" ind1=" " ind2=" ">
    <subfield code="a">\Milano</subfield>
    <subfield code="c">Giovanni Antonio Borgo!</subfield>
    <subfield code="e">In Milano</subfield>
    <subfield code="g">per Giouann&apos;Antonio Borgio</subfield>
    <subfield code="h">1557</subfield>
  </datafield>
  <datafield tag="215" ind1=" " ind2=" ">
    <subfield code="a">76, \1! c.</subfield>
    <subfield code="d">4ʻ</subfield>
  </datafield>
  <datafield tag="300" ind1=" " ind2=" ">
    <subfield code="a">Var. B: titolo parzialmente ricomposto: I primi cinque canti d&apos;Heliodoro di m. Hieronimo Bossi. Allo illustrissimo, e gloriosissimo imperatore Carlo quinto d&apos;Austria</subfield>
  </datafield>
  <datafield tag="620" ind1=" " ind2=" ">
    <subfield code="a">IT</subfield>
    <subfield code="d">Milano</subfield>
  </datafield>
  <datafield tag="700" ind1=" " ind2="1">
    <subfield code="a">Bossi,</subfield>
    <subfield code="b">Girolamo</subfield>
    <subfield code="3">IT\ICCU\CNCA\001947</subfield>
  </datafield>
  <datafield tag="712" ind1="0" ind2="0">
    <subfield code="a">Borgo, Giovanni Antonio</subfield>
    <subfield code="3">IT\ICCU\CNCT\000048</subfield>
    <subfield code="4">650</subfield>
  </datafield>
  <datafield tag="790" ind1=" " ind2="1">
    <subfield code="a">Bosso,</subfield>
    <subfield code="b">Girolamo</subfield>
    <subfield code="3">IT\ICCU\CNCA\012880</subfield>
    <subfield code="z">Bossi, Girolamo</subfield>
  </datafield>
  <datafield tag="791" ind1="0" ind2="0">
    <subfield code="a">Borgio, Antonio</subfield>
    <subfield code="3">IT\ICCU\CNCT\003623</subfield>
    <subfield code="z">Borgo, Giovanni Antonio</subfield>
  </datafield>
  <datafield tag="791" ind1="0" ind2="0">
    <subfield code="a">Burgius, Antonius</subfield>
    <subfield code="3">IT\ICCU\CNCT\004753</subfield>
    <subfield code="z">Borgo, Giovanni Antonio</subfield>
  </datafield>
  <datafield tag="791" ind1="0" ind2="0">
    <subfield code="a">Borgia, Giovanni Antonio</subfield>
    <subfield code="3">IT\ICCU\CNCT\004754</subfield>
    <subfield code="z">Borgo, Giovanni Antonio</subfield>
  </datafield>
  <datafield tag="791" ind1="0" ind2="0">
    <subfield code="a">Burgo, Ioannes Antonius de</subfield>
    <subfield code="3">IT\ICCU\CNCT\004755</subfield>
    <subfield code="z">Borgo, Giovanni Antonio</subfield>
  </datafield>
  <datafield tag="791" ind1="0" ind2="2">
    <subfield code="a">Ioannes Antonio da Borgho</subfield>
    <subfield code="3">IT\ICCU\CNCT\004756</subfield>
    <subfield code="z">Borgo, Giovanni Antonio</subfield>
  </datafield>
  <datafield tag="801" ind1=" " ind2="3">
    <subfield code="a">IT</subfield>
    <subfield code="b">ICCU</subfield>
    <subfield code="c">20201113</subfield>
  </datafield>
  <datafield tag="899" ind1=" " ind2=" ">
    <subfield code="a">Biblioteca Apostolica Vaticana. Citt ̉del Vaticano</subfield>
    <subfield code="z">MUTILO</subfield>
    <subfield code="1">EX0001</subfield>
    <subfield code="2">ZCV 01</subfield>
  </datafield>
  <datafield tag="899" ind1=" " ind2=" ">
    <subfield code="a">Biblioteca della Societ ̉economica. Chiavari</subfield>
    <subfield code="z">(Var. A)</subfield>
    <subfield code="1">GE0011</subfield>
    <subfield code="2">LI3 30</subfield>
  </datafield>
  <datafield tag="899" ind1=" " ind2=" ">
    <subfield code="a">Biblioteca nazionale Braidense. Milano</subfield>
    <subfield code="1">MI0185</subfield>
    <subfield code="2">MIL NB</subfield>
  </datafield>
  <datafield tag="899" ind1=" " ind2=" ">
    <subfield code="a">Archivio storico civico e Biblioteca Trivulziana. Milano</subfield>
    <subfield code="z">MUTILO</subfield>
    <subfield code="1">MI0327</subfield>
    <subfield code="2">LO1 13</subfield>
  </datafield>
  <datafield tag="899" ind1=" " ind2=" ">
    <subfield code="a">Biblioteca comunale Teresiana. Mantova</subfield>
    <subfield code="z">(Var. A e B)</subfield>
    <subfield code="1">MN0035</subfield>
    <subfield code="2">LO1 12</subfield>
  </datafield>
  <datafield tag="899" ind1=" " ind2=" ">
    <subfield code="a">Biblioteca comunale Passerini Landi. Piacenza</subfield>
    <subfield code="z">(Var. B) - MUTILO</subfield>
    <subfield code="1">PC0030</subfield>
    <subfield code="2">PIA PL</subfield>
  </datafield>
  <datafield tag="899" ind1=" " ind2=" ">
    <subfield code="a">Biblioteca Palatina. Parma</subfield>
    <subfield code="z">(Var. A)</subfield>
    <subfield code="1">PR0072</subfield>
    <subfield code="2">PAR PA</subfield>
  </datafield>
  <datafield tag="899" ind1=" " ind2=" ">
    <subfield code="a">Biblioteca nazionale Marciana. Venezia</subfield>
    <subfield code="z">MUTILO</subfield>
    <subfield code="1">VE0049</subfield>
    <subfield code="2">VEA BM</subfield>
  </datafield>
  <datafield tag="911" ind1=" " ind2=" ">
    <subfield code="a">Sul front. e in fine</subfield>
    <subfield code="9">IT\ICCU\CNCM\000852</subfield>
  </datafield>
  <datafield tag="921" ind1=" " ind2=" ">
    <subfield code="a">IT\ICCU\CNCM\000852</subfield>
    <subfield code="b">Fenice su fiamme, rivolta al sole. In cornice figurata</subfield>
    <subfield code="e">Interiora vigent</subfield>
    <subfield code="c">Z548</subfield>
    <subfield code="d">Dimensioni: 8 x 11</subfield>
    <subfield code="f">FENICE</subfield>
    <subfield code="f">FIAMME</subfield>
    <subfield code="f">SOLE</subfield>
    <subfield code="g">1553-1589</subfield>
  </datafield>
</record>
</collection>
